@book{latex,
  title = {LaTeX : A Documentation Preparation System User's Guide and Reference Manual},
  publisher = {Addison-Wesley Professional},
  year = {1994},
  author = {Leslie Lamport}
}

@article{emailreport,
  author = {Radicati, Sara and Hoang, Quoc},
  file = {:Users/ludwig/Documents/Mendeley Desktop/Email-Statistics-Report-2012-2016-Executive-Summary.pdf:pdf},
  mendeley-groups = {Bachelorarbeit},
  title = {Email Statistics Report, 2012--2016},
  year = {2012}
}

@article{emailsalutation,
  title = "Personalized salutation, power of sender and response rates to Web-based surveys ",
  journal = "Computers in Human Behavior ",
  volume = "23",
  number = "3",
  pages = "1372 - 1383",
  year = "2007",
  issn = "0747-5632",
  doi = "http://dx.doi.org/10.1016/j.chb.2004.12.011",
  url = "http://www.sciencedirect.com/science/article/pii/S0747563204002304",
  author = "Adam N. Joinson and Ulf-Dietrich Reips",
  keywords = "Personalization",
  keywords = "Response rates",
  keywords = "Salutation",
  keywords = "Survey methodology",
  keywords = "Power "
}

@techreport{uml,
    author = {Group, Object M.},
    keywords = {tech, uml},
    month = nov,
    posted-at = {2008-04-07 19:04:51},
    priority = {2},
    title = {{OMG Unified Modeling Language (OMG UML), Infrastructure, V2.1.2}},
    url = {http://www.omg.org/spec/UML/2.1.2/Infrastructure/PDF},
    year = {2007}
}

@INPROCEEDINGS{webapptrends,
    author={Jazayeri, M.},
    booktitle={Future of Software Engineering, 2007. FOSE '07},
    title={Some Trends in Web Application Development},
    year={2007},
    pages={199-213},
    keywords={Internet;online front-ends;software engineering;Web Internet infrastructure;Web application development;Web browser;World Wide Web;software engineering;Access protocols;Application software;Collaboration;Informatics;Internet;Multimedia databases;Software engineering;Software standards;Standards development;Web sites},
    doi={10.1109/FOSE.2007.26},
}

@article{webarchitecture,
    author = {Fielding, Roy T. and Taylor, Richard N.},
    title = {Principled Design of the Modern Web Architecture},
    journal = {ACM Trans. Internet Technol.},
    issue_date = {May 2002},
    volume = {2},
    number = {2},
    month = may,
    year = {2002},
    issn = {1533-5399},
    pages = {115--150},
    numpages = {36},
    url = {http://doi.acm.org.eaccess.ub.tum.de/10.1145/514183.514185},
    doi = {10.1145/514183.514185},
    acmid = {514185},
    publisher = {ACM},
    address = {New York, NY, USA},
    keywords = {Network-based applications, REST, World Wide Web},
}

@article{mitpanelnotes,
    author = {Doug Engelbart},
    title = {50 Years After 'As We May Think': The Brown/MIT Vannevar Bush Symposium},
    year = {1996},
    month = march,
    url = {http://cs.brown.edu/memex/Bush_Symposium_Panels.html}
}

@techreport{email,
  author = {Resnick, P.},
  biburl = {http://www.bibsonomy.org/bibtex/2fed16520e29a4908303aeb0321b9fa37/wikier},
  description = {SWAML PFC BibTeX},
  institution = {IETF},
  interhash = {c4b38c1057ac590dded1c677f41acbb9},
  intrahash = {fed16520e29a4908303aeb0321b9fa37},
  keywords = {swaml mail rdf},
  owner = {wikier},
  timestamp = {2006-12-04T13:55:41.000+0100},
  title = {{RFC} 2822: Internet Message Format},
  url = {http://www.rfc-archive.org/getrfc.php?rfc=2822},
  year = 2001
}

@misc{builtwith,
  author = {BuiltWith},
  title = {Framework Usage Statistics},
  year = 2013,
  howpublished = {"\url{http://trends.builtwith.com/framework}"},
  note = {Last accessed at 2013-12-08}
}

@book{agilewebdev,
  title     = {Agile Web Development with Rails},
  publisher = {Pragmatic Bookshelf},
  year      = {2009},
  month     = {March},
  day       = {28},
  edition   = {Third},
  pages     = {850},
  isbn      = {1-934356-16-6},
  author    = {Sam Ruby, Dave Thomas, David Hansson}
}

@misc{railsinterview,
  title         = {Interview with David Heinemeier Hansson from Ruby on Rails},
  author        = {Lenz Grimmer},
  year          = {2006},
  month         = {February},
  howpublished  = {"\url{http://dev.mysql.com/tech-resources/interviews/david-heinemeier-hansson-rails.html}"},
  note          = {Last accessed at 2013-12-08}
}


{{Refbegin}}
*{{Cite document
| first1    = Simon St.
| last1     = Laurent
| first2    = Edd
| last2     = Dumbill
| date      = November 28, 2008
| title     = Learning Rails
| edition   = First
| publisher = [[O'Reilly Media]]
| pages     = 442
| isbn      = 0-596-51877-3
| url       = http://oreilly.com/catalog/9780596518776/
| postscript    = <!--None-->
}}
*{{Cite document
| first1    = Patrick
| last1     = Lenz
| date      = May 1, 2008
| title     = Simply Rails 2
| edition   = Second
| publisher = [[SitePoint]]
| pages     = 450
| isbn      = 0-9804552-0-0
| url       = http://www.sitepoint.com/books/rails2/
| postscript    = <!--None-->
}}
*{{Cite document
| first1    = Bruce
| last1     = Tate
| first2    = Curt
| last2     = Hibbs
| date      = August 22, 2006
| title     = Ruby on Rails: Up and Running
| edition   = First
| publisher = [[O'Reilly Media]]
| pages     = 182
| isbn      = 0-596-10132-5
| url       = http://oreilly.com/catalog/9780596101329/
| postscript    = <!--None-->
}}
*{{Cite document
| first1    = Steve
| last1     = Holzner Ph.D.
| date      = November 29, 2006
| title     = Beginning Ruby on Rails
| edition   = First
| publisher = [[Wrox Press|Wrox]]
| pages     = 380
| isbn      = 0-470-06915-5
| url       = http://www.wrox.com/WileyCDA/WroxTitle/Beginning-Ruby-on-Rails.productCd-0470069155.html
| postscript    = <!--None-->
}}
*{{Cite document
| first1    = Jeffrey
| last1     = Allan Hardy
| first2    = Cloves
| last2     = Carneiro Jr
| first3    = Hampton
| last3     = Catlin
| date      = July 20, 2007
| title     = Beginning Ruby on Rails E-Commerce: From Novice to Professional
| edition   = First
| publisher = [[Wrox Press|Wrox]]
| pages     = 361
| isbn      = 1-59059-686-2
| url       = http://www.apress.com/book/view/9781590597361
| postscript    = <!--None-->
}}
*{{Cite document
| first1    = Mike
| last1     = Clark
| date      = May 15, 2008
| title     = Advanced Rails Recipes
| edition   = First
| publisher = Pragmatic Bookshelf
| pages     = 464
| isbn      = 0-9787392-2-1
| url       = http://www.pragprog.com/titles/fr_arr/advanced-rails-recipes
| postscript    = <!--None-->
}}
{{Refend}}